<record><leader>00000cas a22000007a 4500</leader><controlfield tag="001">10443163</controlfield><controlfield tag="008">840222d18541881pauwr ne      0    0ger d</controlfield><datafield ind1=" " ind2=" " tag="010"><subfield code="a">sn 84026447 </subfield></datafield><datafield ind1=" " ind2=" " tag="040"><subfield code="a">NPU</subfield><subfield code="b">eng</subfield><subfield code="c">NPU</subfield><subfield code="d">NPX</subfield><subfield code="d">NPH</subfield><subfield code="d">YOX</subfield><subfield code="d">OCL</subfield><subfield code="d">KRTAS</subfield><subfield code="d">OCLCQ</subfield><subfield code="d">OCLCF</subfield><subfield code="d">OCLCO</subfield></datafield><datafield ind1=" " ind2=" " tag="042"><subfield code="a">msc</subfield></datafield><datafield ind1=" " ind2=" " tag="043"><subfield code="a">n-us-pa</subfield></datafield><datafield ind1="0" ind2="0" tag="245"><subfield code="a">Zuschauer am Erie.</subfield></datafield><datafield ind1=" " ind2=" " tag="260"><subfield code="a">Erie, Pa. :</subfield><subfield code="b">E.E. Stu&#776;rznickel</subfield></datafield><datafield ind1=" " ind2=" " tag="300"><subfield code="a">v. ;</subfield><subfield code="c">59 cm.</subfield></datafield><datafield ind1=" " ind2=" " tag="310"><subfield code="a">Weekly</subfield></datafield><datafield ind1="1" ind2=" " tag="362"><subfield code="a">Began in 1854? Ceased in 1881?</subfield><subfield code="z">Cf. Arndt &amp; Olson. German lang. press.</subfield></datafield><datafield ind1=" " ind2=" " tag="500"><subfield code="a">Publishers: E.E. Stu&#776;rznickel, &lt;1873&gt;; Stu&#776;rznickel &amp; Gorenflo, &lt;1875-1876&gt;.</subfield></datafield><datafield ind1=" " ind2=" " tag="500"><subfield code="a">"Republikanische," &lt;1876&gt;.</subfield></datafield><datafield ind1=" " ind2=" " tag="500"><subfield code="a">"Offizielle County-Zeitung," &lt;1875&gt;.</subfield></datafield><datafield ind1=" " ind2=" " tag="546"><subfield code="a">In German.</subfield></datafield><datafield ind1=" " ind2=" " tag="580"><subfield code="a">Continues: Erie-Zuschauer. Cf. Arndt &amp; Olson. German lang. press.</subfield></datafield><datafield ind1=" " ind2=" " tag="580"><subfield code="a">Continued by: Zuschauer in der neuen Heimath. Cf. Arndt &amp; Olson. German lang. press.</subfield></datafield><datafield ind1=" " ind2=" " tag="588"><subfield code="a">Description based on: Jahrg. 21, Nr. 48 (27. Ma&#776;rz 1873).</subfield></datafield><datafield ind1=" " ind2="0" tag="650"><subfield code="a">Germans</subfield><subfield code="z">Pennsylvania</subfield><subfield code="v">Newspapers.</subfield></datafield><datafield ind1=" " ind2="0" tag="650"><subfield code="a">German Americans</subfield><subfield code="z">Pennsylvania</subfield><subfield code="z">Erie</subfield><subfield code="v">Newspapers.</subfield></datafield><datafield ind1=" " ind2="0" tag="651"><subfield code="a">Erie (Pa.)</subfield><subfield code="v">Newspapers.</subfield></datafield><datafield ind1=" " ind2="7" tag="655"><subfield code="a">Newspapers.</subfield><subfield code="2">fast</subfield><subfield code="0">(OCoLC)fst01423814</subfield></datafield><datafield ind1=" " ind2="7" tag="650"><subfield code="a">German Americans.</subfield><subfield code="2">fast</subfield><subfield code="0">(OCoLC)fst00941308</subfield></datafield><datafield ind1=" " ind2="7" tag="650"><subfield code="a">Germans.</subfield><subfield code="2">fast</subfield><subfield code="0">(OCoLC)fst00942100</subfield></datafield><datafield ind1=" " ind2="7" tag="651"><subfield code="a">Pennsylvania.</subfield><subfield code="2">fast</subfield><subfield code="0">(OCoLC)fst01204598</subfield></datafield><datafield ind1=" " ind2="7" tag="651"><subfield code="a">Pennsylvania</subfield><subfield code="z">Erie.</subfield><subfield code="2">fast</subfield><subfield code="0">(OCoLC)fst01206428</subfield></datafield><datafield ind1=" " ind2=" " tag="752"><subfield code="a">United States</subfield><subfield code="b">Pennsylvania</subfield><subfield code="c">Erie</subfield><subfield code="d">Erie.</subfield></datafield><datafield ind1="1" ind2="0" tag="780"><subfield code="t">Erie-Zuschauer</subfield><subfield code="w">(DLC)sn 86053496</subfield></datafield><datafield ind1="1" ind2="0" tag="785"><subfield code="t">Zuschauer in der neuen Heimath</subfield><subfield code="w">(DLC)sn 88081003</subfield></datafield><datafield ind1=" " ind2=" " tag="938"><subfield code="a">Kirtas Technologies, Inc.</subfield><subfield code="b">KRTS</subfield><subfield code="n">738198</subfield></datafield></record>